<record><leader>00000cas a2200000 i 4500</leader><controlfield tag="001">841400450</controlfield><controlfield tag="006">m     o  d        </controlfield><controlfield tag="007">cr |||||||||||</controlfield><controlfield tag="008">130501d18601869inuwr ne      0   a0eng  </controlfield><datafield ind1=" " ind2=" " tag="010"><subfield code="a">  2013218770</subfield></datafield><datafield ind1=" " ind2=" " tag="040"><subfield code="a">DLC</subfield><subfield code="b">eng</subfield><subfield code="e">rda</subfield><subfield code="c">DLC</subfield><subfield code="d">OCLCQ</subfield><subfield code="d">DLC</subfield><subfield code="d">OCLCF</subfield><subfield code="d">OCLCQ</subfield></datafield><datafield ind1="0" ind2=" " tag="022"><subfield code="a">2328-7918</subfield><subfield code="2">1</subfield></datafield><datafield ind1=" " ind2=" " tag="042"><subfield code="a">pcc</subfield><subfield code="a">nsdp</subfield></datafield><datafield ind1=" " ind2=" " tag="043"><subfield code="a">n-us-in</subfield></datafield><datafield ind1="1" ind2="0" tag="050"><subfield code="a">ISSN RECORD</subfield></datafield><datafield ind1="0" ind2="0" tag="082"><subfield code="a">071</subfield><subfield code="2">23</subfield></datafield><datafield ind1="0" ind2=" " tag="130"><subfield code="a">Plymouth weekly Democrat (Online)</subfield></datafield><datafield ind1=" " ind2="4" tag="222"><subfield code="a">The Plymouth weekly Democrat</subfield><subfield code="b">(Online)</subfield></datafield><datafield ind1="1" ind2="4" tag="245"><subfield code="a">The Plymouth weekly Democrat.</subfield></datafield><datafield ind1=" " ind2="1" tag="264"><subfield code="a">Plymouth, Indiana :</subfield><subfield code="b">A.C. Thompson,</subfield><subfield code="c">1860-1869.</subfield></datafield><datafield ind1=" " ind2=" " tag="310"><subfield code="a">Weekly</subfield></datafield><datafield ind1=" " ind2=" " tag="336"><subfield code="a">text</subfield><subfield code="b">txt</subfield><subfield code="2">rdacontent</subfield></datafield><datafield ind1=" " ind2=" " tag="337"><subfield code="a">computer</subfield><subfield code="b">c</subfield><subfield code="2">rdamedia</subfield></datafield><datafield ind1=" " ind2=" " tag="338"><subfield code="a">online resource</subfield><subfield code="b">cr</subfield><subfield code="2">rdacarrier</subfield></datafield><datafield ind1="1" ind2=" " tag="362"><subfield code="a">Began with vol. 1, no. 1 (Jan. 26, 1860); ceased Sept. 2, 1869.</subfield></datafield><datafield ind1=" " ind2=" " tag="588"><subfield code="a">Description based on print version record.</subfield></datafield><datafield ind1=" " ind2=" " tag="588"><subfield code="a">Latest issue consulted: V. 2, new ser., no. 48, whole no. 100 (December 26, 1861) (Chroniclingamerica.loc.gov, viewed May 1, 2013).</subfield></datafield><datafield ind1=" " ind2="0" tag="651"><subfield code="a">Plymouth (Ind.)</subfield><subfield code="v">Newspapers.</subfield></datafield><datafield ind1=" " ind2="7" tag="651"><subfield code="a">Indiana</subfield><subfield code="z">Plymouth.</subfield><subfield code="2">fast</subfield><subfield code="0">(OCoLC)fst01218147</subfield></datafield><datafield ind1=" " ind2="7" tag="655"><subfield code="a">Newspapers.</subfield><subfield code="2">fast</subfield><subfield code="0">(OCoLC)fst01423814</subfield></datafield><datafield ind1=" " ind2=" " tag="752"><subfield code="a">United States</subfield><subfield code="b">Indiana</subfield><subfield code="c">Marshall</subfield><subfield code="d">Plymouth.</subfield></datafield><datafield ind1="0" ind2="8" tag="776"><subfield code="i">Originally issued in print:</subfield><subfield code="t">Plymouth weekly Democrat</subfield><subfield code="x">2328-790X</subfield><subfield code="w">(DLC)sn 87056248</subfield><subfield code="w">(OCoLC)15798963</subfield></datafield><datafield ind1="0" ind2="0" tag="780"><subfield code="t">Marshall County Democrat (Online)</subfield><subfield code="x">2328-7896</subfield><subfield code="w">(DLC)  2013218769</subfield><subfield code="w">(OCoLC)841393135</subfield></datafield><datafield ind1="0" ind2="0" tag="785"><subfield code="t">Plymouth Democrat (Online)</subfield><subfield code="x">2332-2586</subfield><subfield code="w">(DLC)  2013272084</subfield><subfield code="w">(OCoLC)862979146</subfield></datafield><datafield ind1="4" ind2="1" tag="856"><subfield code="u">http://chroniclingamerica.loc.gov/lccn/sn87056248/issues</subfield></datafield><datafield ind1="1" ind2=" " tag="029"><subfield code="a">NZ1</subfield><subfield code="b">15124675</subfield></datafield></record>